@inproceedings{consistentupdates,
 author = {Reitblatt, Mark and Foster, Nate and Rexford, Jennifer and Walker, David},
 title = {Consistent updates for software-defined networks: {C}hange you can believe in!},
 booktitle = {HotNets},
 year = {2011},
} 

@inproceedings{ofrewind,
    author = {Andreas Wundsam and Dan Levin and Srini Seetharaman and Anja Feldmann},
    title = {OFRewind: Enabling Record and Replay Troubleshooting for Networks},
    booktitle = {ATC},
    year = {2011}
}

@inproceedings{pip,
    author = {Patrick Reynolds and Charles Killian and Janet L. Winer and Jeffrey C. Mogul and Mehul A. Shah and Amin Vadhat},
    title = {Pip: Detecting the Unexpected in Distributed Systems},
    booktitle = {NSDI},
    year = {2006}
}

@inproceedings{xtrace,
    author = {Rodrigo Fonseca and  George Porter and Randy H. Katz and Scott Shenker and Ion Stoica},
    title = {X-Trace: A Pervasive Network Tracing Framework},
    booktitle = {NSDI},
    year = {2007}
}

@inproceedings{d3s,
    author = {Xuezheng Liu and Zhenyu Guo and Xi Wang and Feibo Chen and Xiaochen Lian and Jian Tang and Ming Wu and M. Frans Kaashoek and Zheng Zhang},
    title = {D$^3$S: Debugging Deployed Distributed Systems},
    booktitle = {NSDI},
    year = {2008}
}

@inproceedings{flowchecker,
    author = {Ehab Al-Shaer and Saeed Al-Haj},
    title = {Flow{C}hecker: Configuration Analysis and Verification of Federated OpenFlow Infrastructures},
    booktitle = {SafeConfig},
    year = {2010}
}

@inproceedings{anteater,
 author = {Mai, Haohui and others}, 
 title = {Debugging the data plane with {A}nteater},
 booktitle = {SIGCOMM},
 year = {2011}
} 

@inproceedings{canini,
    author = {Marco Canini and Dejan Kostic and Jennifer Rexford and and Daniele Venzano},
    title = {Automating the testing of {OpenFlow} applications},
    booktitle = {Workshop on Rigorous Protocol Engineering},
    year = {2011}
}

@inproceedings{frenetic,
    author = {Nate Foster and Rob Harrison and Michael J. Freedman and Christopher Monsanto and Jennifer Rexford and Alec Story and David Walker},
    title = {Frenetic: A Network Programming Language},
    booktitle = {ICFP},
    year = {2011},
}

@misc{pox,
   author = {Mccauley, James},
   title = {{POX}: A {NOX} Distribution in {Python}}
}

@misc{nicira,
    key = {nicira},
    howpublished = {Personal commn., Teemu Koponen (Nicira Networks)}
}

@INPROCEEDINGS{x-trace,
    author = {Rodrigo Fonseca and others},
    title = {X-trace: A pervasive network tracing framework},
    booktitle = {NSDI},
    year = {2007}
}

@INPROCEEDINGS{Onix,
    author = {Teemu Koponen and Martin Casado and Natasha Gude and Jeremy Stribling and Leon Poutievski and Min Zhu and Rajiv Ramanathan and Yuichiro Iwata and Hiroaki Inoue and Takayuki Hama and Scott Shenker},
    title = {Onix: A Distributed Control Platform for Large-scale Production Networks},
    booktitle = {In Proc. OSDI},
    year = {2010}
}
