@inproceedings{ethane,
 author = {Casado, Martin and Freedman, Michael J. and Pettit, Justin and Luo, Jianying and McKeown, Nick and Shenker, Scott},
 title = {Ethane: taking control of the enterprise},
 series = {SIGCOMM '07},
}


@inproceedings{nox,
 author = {Gude, Natasha and Koponen, Teemu and Pettit, Justin and Pfaff, Ben and Casado, Mart\'{\i}n and McKeown, Nick and Shenker, Scott},
 title = {N{O}{X}: towards an operating system for networks},
 series = {CCR '08},
}

@misc{nicirahomepage,
    key = {nicira},
    title = {Nicira {N}{V}{P}},
    howpublished = {\url{http://tinyurl.com/c9jbkuu}}
}

@misc{contextream,
    key = {contextream},
    title = {Conte{X}tream},
    howpublished = {\url{http://www.contextream.com/}}
}

@misc{floodlight,
    Howpublished = {\url{http://floodlight.openflowhub.org/}},
    Key = {floodlight},
    Title = {{Floodlight Controller}}
}

@inproceedings{consistentupdates,
 author = {Reitblatt, Mark and Foster, Nate and Rexford, Jennifer and Walker, David},
 title = {Consistent updates for software-defined networks: {C}hange you can believe in!},
 series = {HotNets '11},
}

@inproceedings{ofrewind,
    author = {Andreas Wundsam and Dan Levin and Srini Seetharaman and Anja Feldmann},
    title = {O{F}{R}ewind: Enabling Record and Replay Troubleshooting for Networks},
    series = {ATC '11},
}

@inproceedings{pip,
    author = {Patrick Reynolds and Charles Killian and Janet L. Winer and Jeffrey C. Mogul and Mehul A. Shah and Amin Vadhat},
    title = {Pip: Detecting the Unexpected in Distributed Systems},
    series = {NSDI '06},
}

@inproceedings{xtrace,
    author = {Rodrigo Fonseca and  George Porter and Randy H. Katz and Scott Shenker and Ion Stoica},
    title = {X-Trace: A Pervasive Network Tracing Framework},
    series = {NSDI '07},
}

@inproceedings{d3s,
    author = {Xuezheng Liu and Zhenyu Guo and Xi Wang and Feibo Chen and Xiaochen Lian and Jian Tang and Ming Wu and M. Frans Kaashoek and Zheng Zhang},
    title = {D$^3${S}: Debugging Deployed Distributed Systems},
    series = {NSDI '08},
}

@inproceedings{flowchecker,
    author = {Ehab Al-Shaer and Saeed Al-Haj},
    title = {Flow{C}hecker: Configuration Analysis and Verification of Federated OpenFlow Infrastructures},
    series = {SafeConfig '10},
}

@inproceedings{anteater,
 author = {Mai, Haohui and others},
 title = {Debugging the data plane with {A}nteater},
 series = {SIGCOMM '11},
}

@inproceedings{frenetic,
    author = {Nate Foster and Rob Harrison and Michael J. Freedman and Christopher Monsanto and Jennifer Rexford and Alec Story and David Walker},
    title = {Frenetic: A Network Programming Language},
    series = {ICFP '11},
}

@misc{pox,
   author = {Mccauley, James},
   title = {{POX}: A python-based OpenFlow Controller},
   howpublished = {\url{http://www.noxrepo.org/pox/about-pox/}}
}

@misc{nicira,
    key = {nicira},
    howpublished = {Personal commn., Teemu Koponen (Nicira Networks)}
}

@INPROCEEDINGS{x-trace,
    author = {Rodrigo Fonseca and others},
    title = {X-trace: A pervasive network tracing framework},
    series = {NSDI '07},
}

@INPROCEEDINGS{onix,
    author = {Teemu Koponen and Martin Casado and Natasha Gude and Jeremy Stribling and Leon Poutievski and Min Zhu and Rajiv Ramanathan and Yuichiro Iwata and Hiroaki Inoue and Takayuki Hama and Scott Shenker},
    title = {Onix: A Distributed Control Platform for Large-scale Production Networks},
    series = {OSDI '10},
}

@misc{bigswitch,
    key = {bigswitch},
    title = {Big{S}witch {N}etworks},
    howpublished = {\url{http://tinyurl.com/cgepwdj}}
}

@misc{openflow,
    key = {openflow},
    title = {OpenFlow},
    howpublished = {\url{http://www.openflow.org/}}
}

@inproceedings{nice,
    author = {Marco Canini and Daniele Venzano and Peter Peresini and Dejan
        Kostic and Jennifer Rexford},
    title = {A {N}{I}{C}{E} way to test {O}pen{F}low applications.},
    series = {NSDI '12},
}

@inproceedings{hsa,
    author = {Peyman Kazemian and George Varghese and Nick McKeown},
    title = {Header Space Analysis: static checking for networks},
    series = {NSDI '12},
}

@inproceedings{Chandy:1985:DSD:214451.214456,
 author = {Chandy, K. Mani and Lamport, Leslie},
 title = {Distributed snapshots: determining global states of distributed systems},
 series = {ACM Trans. Comput. Syst. '85},
}

@inproceedings{Karpilovsky:2006:UFR:1368436.1368439,
 author = {Karpilovsky, Elliott and Rexford, Jennifer},
 title = {Using forgetful routing to control BGP table size},
 series = {CoNEXT '06},
}

@misc{cisco7000,
   title = {Cisco 7000 series datasheet},
   howpublished = {\url{http://tinyurl.com/77jorsq}}
}

@inproceedings{Al-Fares:2008:SCD:1402958.1402967,
 author = {Al-Fares, Mohammad and Loukissas, Alexander and Vahdat, Amin},
 title = {A scalable, commodity data center network architecture},
 series = {SIGCOMM '08},
}

@inproceedings{Greenberg:2009:VSF:1592568.1592576,
 author = {Greenberg, Albert and Hamilton, James R. and Jain, Navendu and Kandula, Srikanth and Kim, Changhoon and Lahiri, Parantap and Maltz, David A. and Patel, Parveen and Sengupta, Sudipta},
 title = {{V}{L}2: a scalable and flexible data center network, {S}ec. 3.4},
 series = {SIGCOMM '09},
}

@inproceedings{Casado:2010:VNF:1921151.1921162,
 author = {Casado, Mart\'{\i}n and Koponen, Teemu and Ramanathan, Rajiv and Shenker, Scott},
 title = {Virtualizing the network forwarding plane},
 series = {PRESTO '10},
}

@inproceedings{Lantz:2010:NLR:1868447.1868466,
 author = {Lantz, Bob and Heller, Brandon and McKeown, Nick},
 title = {A network in a laptop: rapid prototyping for software-defined networks},
 series = {Hotnets '10},
}

@misc{ns3,
   title = {The ns-3 network simulator},
   howpublished = {\url{http://www.nsnam.org/}}
}

@misc{github,
   title = {Code repository},
   howpublished = {\url{https://github.com/noxrepo/sdn-debugger}}
}

@inproceedings{NiranjanMysore:2009:PSF:1592568.1592575,
 author = {Niranjan Mysore, Radhika and Pamboris, Andreas and Farrington, Nathan and Huang, Nelson and Miri, Pardis and Radhakrishnan, Sivasankar and Subramanya, Vikram and Vahdat, Amin},
 title = {P{O}{R}{R}{T}{L}{A}{N}{D}: a scalable fault-tolerant layer 2 data center network fabric},
 series = {SIGCOMM '09},
}

@misc{keynote,
    author = {Scott Shenker},
    title = {The Future of Networking, and the Past of Protocols},
    howpublished = {Keynote, Open Networking Summit 2011}
}

@inproceedings{Fonseca:2007:XPN:1973430.1973450,
 author = {Fonseca, Rodrigo and Porter, George and Katz, Randy H. and Shenker, Scott and Stoica, Ion},
 title = {X-trace: a pervasive network tracing framework},
 series = {NSDI'07},
}

@INPROCEEDINGS{Chen02pinpoint:problem,
    author = {Mike Y. Chen and Emre Kiciman and Eugene Fratkin and Armando Fox and O Fox and Eric Brewer},
    title = {Pinpoint: Problem Determination in Large, Dynamic Internet Services},
    series = {Intl. Conf. on Dependable Systems and Networks},
    year = {2002},
}

@misc{DNRC,
    author = {{Google Inc.}},
    title = {Datacenter Networking Research Cluster},
}

@misc{traceroute,
    author = {Van Jacobson},
    title = {Unix traceroute man page},
    year = {1987},
}

@misc{urs,
    author = {Urs H\"oelzle},
    title = {OpenFlow at Google},
    howpublished = {Keynote, Open Networking Summit 2012}
}

@misc{testing_market,
    author = {Krishna Kumar Natarajan},
    howpublished = {Keynote, fifth annual STeP-IN international conference}
}

@inproceedings{Lamport:1978:TCO:359545.359563,
 author = {Lamport, Leslie},
 title = {Time, clocks, and the ordering of events in a distributed system},
 journal = {Commun. ACM '78},
}

@INPROCEEDINGS{Mattern89virtualtime,
    author = {Friedemann Mattern},
    title = {Virtual Time and Global States of Distributed Systems},
    booktitle = {Parallel and Distributed Algorithms '89},
}

@INPROCEEDINGS{577079,
    author={Bouloutas, A.T. and Calo, S. and Finkel, A.},
    series={IEEE Transactions on Communications '94 },
    title={Alarm correlation
        and fault identification in communication networks},
}

@INPROCEEDINGS{Miller:1990:ESR:96267.96279,
 author = {Miller, Barton P. and Fredriksen, Louis and So, Bryan},
 title = {An empirical study of the reliability of UNIX utilities},
 series = {Commun. ACM '90},
}

@INPROCEEDINGS{Liu07widschecker:,
    author = {Xuezheng Liu},
    title = {WiDS checker: Combating bugs in distributed systems},
    booktitle = {NSDI '07},
}

@inproceedings{Clark:2003:KPI:863955.863957,
 author = {Clark, David D. and Partridge, Craig and Ramming, J. Christopher and Wroclawski, John T.},
 title = {A knowledge plane for the internet},
 series = {SIGCOMM '03},
}

@inproceedings{Soundararajan:2010:CBS:1899928.1899941,
 author = {Soundararajan, Vijayaraghavan and Govil, Kinshuk},
 title = {Challenges in building scalable virtualized datacenter management},
 series = {SIGOPS Operating Systems Review '10},
}

@inproceedings{Zeller:2002:SIF:506201.506206,
 author = {Zeller, Andreas and Hildebrandt, Ralf},
 title = {Simplifying and Isolating Failure-Inducing Input},
 series = {IEEE Transactions on Software Engineering '02},
}

@inproceedings{Dunlap:2002:REI:844128.844148,
 author = {Dunlap, George W. and King, Samuel T. and Cinar, Sukru and Basrai, Murtaza A. and Chen, Peter M.},
 title = {Re{V}irt: enabling intrusion analysis through virtual-machine logging and replay},
 series = {SIGOPS Operating Systems Review '02},
}

@INPROCEEDINGS{Gupta06toinfinity,
 author = {Diwaker Gupta and Kenneth Yocum and Marvin Mcnett and Alex C. Snoeren and Amin Vahdat and Geoffrey M. Voelker},
 title = {To Infinity and Beyond: TimeWarped Network Emulation},
 booktitle = {NSDI '06},
}

@misc{floodlight_bug,
    author = {{Floodlight FIXME.}},
    title = {Controller.java, line 605},
    howpublished = {\url{http://tinyurl.com/af6nhjj}}
}

@misc{sts_repo,
   author = {{STS Repository}},
   howpublished = {http://ucb-sts.github.com/sts/}
}

@misc{market_report,
  author = {{451 Research}},
  title = {2012 {N}etwork {T}echnology {S}tudy},
  howpublished = {\url{http://tinyurl.com/bpkee2d}}
}

@inproceedings{msoft_concurrency,
  author = {P Godefroid and N Nagappan},
  title = {Concurrency at {M}icrosoft - {A}n exploratory survey},
  series = {CAV '08}
}

@inproceedings{LaToza:2006:MMM:1134285.1134355,
 author = {LaToza, Thomas D. and Venolia, Gina and DeLine, Robert},
 title = {Maintaining mental models: a study of developer work habits},
 series = {ICSE '06},
}

@inproceedings{Yuan:2010:SED:1736020.1736038,
 author = {Yuan, Ding and Mai, Haohui and Xiong, Weiwei and Tan, Lin and Zhou, Yuanyuan and Pasupathy, Shankar},
 title = {SherLog: error diagnosis by connecting clues from run-time logs},
 series = {ASPLOS '10},
}

@inproceedings{qin2005rx,
  title={Rx: treating bugs as allergies---a safe method to survive software failures},
  author={Qin, F. and Tucek, J. and Sundaresan, J. and Zhou, Y.},
  series={SIGOPS Operating Systems Review '05},
}

@inproceedings{Zamfir:2010:EST:1755913.1755946,
 author = {Zamfir, Cristian and Candea, George},
 title = {Execution synthesis: a technique for automated software debugging},
 series = {EuroSys '10},
}

@inproceedings{handigol2012debugger,
  title={Where is the debugger for my software-defined network?},
  author={Handigol, N. and Heller, B. and Jeyakumar, V. and Mazi{\`e}res, D. and McKeown, N.},
  series={HotSDN '12},
}

@inproceedings{fonseca2007x,
  title={X-trace: A pervasive network tracing framework},
  author={Fonseca, R. and Porter, G. and Katz, R.H. and Shenker, S. and Stoica, I.},
  series={NSDI '07}
}

@inproceedings{zamfir2011debug,
  title={Debug determinism: the sweet spot for replay-based debugging},
  author={Zamfir, C. and Altekar, G. and Candea, G. and Stoica, I.},
  series={HotOS '11},
}

@inproceedings{weiser1981program,
  title={Program slicing},
  author={Weiser, M.},
  series={ICSE '81}
}

@misc{quantum,
    title={{OpenStack Quantum}},
    howpublished={\url{http://wiki.openstack.org/Quantum}}
}

@inproceedings{Geels:2006:RDD:1267359.1267386,
 author = {Geels, Dennis and Altekar, Gautam and Shenker, Scott and Stoica, Ion},
 title = {Replay debugging for distributed applications},
 series = {ATC '06},
}

@misc{anon,
  title={Omitted due to anonymity requirements}
}

@misc{vadhat,
  title = {Interview with {A}min {V}ahdat},
  author = {Computer{W}orld},
  howpublished = {\url{http://tinyurl.com/cb4qa6u}}
}
