@inproceedings{ethane,
 author = {Casado, Martin and Freedman, Michael J. and Pettit, Justin and Luo, Jianying and McKeown, Nick and Shenker, Scott},
 title = {Ethane: taking control of the enterprise},
 series = {SIGCOMM '07},
} 


@inproceedings{nox,
 author = {Gude, Natasha and Koponen, Teemu and Pettit, Justin and Pfaff, Ben and Casado, Mart\'{\i}n and McKeown, Nick and Shenker, Scott},
 title = {N{O}{X}: towards an operating system for networks},
 series = {CCR},
 year = {2008},
} 

@misc{nicirahomepage,
    key = {nicira},
    title = {Nicira {N}etworks},
    howpublished = {\url{http://www.nicira.com/}}
}

@misc{floodlight,
    Howpublished = {\url{http://floodlight.openflowhub.org/}},
    Key = {floodlight},
    Title = {{Floodlight Controller}}
}

@inproceedings{consistentupdates,
 author = {Reitblatt, Mark and Foster, Nate and Rexford, Jennifer and Walker, David},
 title = {Consistent updates for software-defined networks: {C}hange you can believe in!},
 series = {HotNets '11},
} 

@inproceedings{ofrewind,
    author = {Andreas Wundsam and Dan Levin and Srini Seetharaman and Anja Feldmann},
    title = {O{F}{R}ewind: Enabling Record and Replay Troubleshooting for Networks},
    series = {ATC '11},
}

@inproceedings{pip,
    author = {Patrick Reynolds and Charles Killian and Janet L. Winer and Jeffrey C. Mogul and Mehul A. Shah and Amin Vadhat},
    title = {Pip: Detecting the Unexpected in Distributed Systems},
    series = {NSDI '06},
}

@inproceedings{xtrace,
    author = {Rodrigo Fonseca and  George Porter and Randy H. Katz and Scott Shenker and Ion Stoica},
    title = {X-Trace: A Pervasive Network Tracing Framework},
    series = {NSDI '07},
}

@inproceedings{d3s,
    author = {Xuezheng Liu and Zhenyu Guo and Xi Wang and Feibo Chen and Xiaochen Lian and Jian Tang and Ming Wu and M. Frans Kaashoek and Zheng Zhang},
    title = {D$^3${S}: Debugging Deployed Distributed Systems},
    series = {NSDI '08},
}

@inproceedings{flowchecker,
    author = {Ehab Al-Shaer and Saeed Al-Haj},
    title = {Flow{C}hecker: Configuration Analysis and Verification of Federated OpenFlow Infrastructures},
    series = {SafeConfig '10},
}

@inproceedings{anteater,
 author = {Mai, Haohui and others}, 
 title = {Debugging the data plane with {A}nteater},
 series = {SIGCOMM '11},
} 

@inproceedings{frenetic,
    author = {Nate Foster and Rob Harrison and Michael J. Freedman and Christopher Monsanto and Jennifer Rexford and Alec Story and David Walker},
    title = {Frenetic: A Network Programming Language},
    series = {ICFP '11},
}

@misc{pox,
   author = {Mccauley, James},
   title = {{POX}: A python-based OpenFlow Controller}
}

@misc{nicira,
    key = {nicira},
    howpublished = {Personal commn., Teemu Koponen (Nicira Networks)}
}

@INPROCEEDINGS{x-trace,
    author = {Rodrigo Fonseca and others},
    title = {X-trace: A pervasive network tracing framework},
    series = {NSDI '07},
}

@INPROCEEDINGS{onix,
    author = {Teemu Koponen and Martin Casado and Natasha Gude and Jeremy Stribling and Leon Poutievski and Min Zhu and Rajiv Ramanathan and Yuichiro Iwata and Hiroaki Inoue and Takayuki Hama and Scott Shenker},
    title = {Onix: A Distributed Control Platform for Large-scale Production Networks},
    series = {OSDI '10},
}

@misc{bigswitch,
    key = {bigswitch},
    title = {Big{S}witch {N}etworks},
    howpublished = {\url{http://www.bigswitch.com/}}
}

@misc{openflow,
    key = {openflow},
    title = {OpenFlow},
    howpublished = {\url{http://www.openflow.org/}}
}

@inproceedings{nice,
    author = {Marco Canini and Daniele Venzano and Peter Peresini and Dejan
        Kostic and Jennifer Rexford},
    title = {A {N}{I}{C}{E} way to test {O}pen{F}low applications.},
    series = {NSDI '12},
}

@inproceedings{hsa,
    author = {Peyman Kazemian and George Varghese and Nick McKeown},
    title = {Header Space Analysis: static checking for networks},
    series = {NSDI '12},
}

@inproceedings{Chandy:1985:DSD:214451.214456,
 author = {Chandy, K. Mani and Lamport, Leslie},
 title = {Distributed snapshots: determining global states of distributed systems},
 series = {ACM Trans. Comput. Syst.},
 issue_date = {1985},
 year = {1985},
 issn = {0734-2071},
 url = {http://doi.acm.org/10.1145/214451.214456},
 doi = {10.1145/214451.214456},
 acmid = {214456},
} 

@inproceedings{Karpilovsky:2006:UFR:1368436.1368439,
 author = {Karpilovsky, Elliott and Rexford, Jennifer},
 title = {Using forgetful routing to control BGP table size},
 series = {CoNEXT '06},
 isbn = {1-59593-456-1},
 location = {Lisboa, Portugal},
 inproceedingsno = {2},
 url = {http://doi.acm.org/10.1145/1368436.1368439},
 doi = {10.1145/1368436.1368439},
 acmid = {1368439},
 publisher = {ACM},
 keywords = {communication networks, performance optimization, workload characterization},
} 

@misc{cisco7000,
   title = {Cisco 7000 series datasheet},
   howpublished = {\url{http://tinyurl.com/77jorsq}}
}

@inproceedings{Al-Fares:2008:SCD:1402958.1402967,
 author = {Al-Fares, Mohammad and Loukissas, Alexander and Vahdat, Amin},
 title = {A scalable, commodity data center network architecture},
 series = {SIGCOMM '08},
 isbn = {978-1-60558-175-0},
 location = {Seattle, WA, USA},
 url = {http://doi.acm.org/10.1145/1402958.1402967},
 doi = {10.1145/1402958.1402967},
 acmid = {1402967},
 publisher = {ACM},
 keywords = {data center topology, equal-cost routing},
} 

@inproceedings{Greenberg:2009:VSF:1592568.1592576,
 author = {Greenberg, Albert and Hamilton, James R. and Jain, Navendu and Kandula, Srikanth and Kim, Changhoon and Lahiri, Parantap and Maltz, David A. and Patel, Parveen and Sengupta, Sudipta},
 title = {{V}{L}2: a scalable and flexible data center network},
 series = {SIGCOMM '09},
 isbn = {978-1-60558-594-9},
 location = {Barcelona, Spain},
 url = {http://doi.acm.org/10.1145/1592568.1592576},
 doi = {10.1145/1592568.1592576},
 acmid = {1592576},
 keywords = {commoditization, data center network},
} 

@inproceedings{Casado:2010:VNF:1921151.1921162,
 author = {Casado, Mart\'{\i}n and Koponen, Teemu and Ramanathan, Rajiv and Shenker, Scott},
 title = {Virtualizing the network forwarding plane},
 series = {PRESTO '10},
 isbn = {978-1-4503-0467-2},
 inproceedingsno = {8},
 url = {http://doi.acm.org/10.1145/1921151.1921162},
 doi = {10.1145/1921151.1921162},
 acmid = {1921162},
} 

@inproceedings{Lantz:2010:NLR:1868447.1868466,
 author = {Lantz, Bob and Heller, Brandon and McKeown, Nick},
 title = {A network in a laptop: rapid prototyping for software-defined networks},
 series = {Hotnets '10},
 isbn = {978-1-4503-0409-2},
 location = {Monterey, California},
 inproceedingsno = {19},
 url = {http://doi.acm.org/10.1145/1868447.1868466},
 doi = {10.1145/1868447.1868466},
 acmid = {1868466},
 keywords = {emulation, open-flow, rapid prototyping, software defined networking, virtualization},
} 

@misc{ns3,
   title = {The ns-3 network simulator},
   howpublished = {\url{http://www.nsnam.org/}}
}

@misc{github,
   title = {Code repository},
   howpublished = {\url{https://github.com/noxrepo/sdn-debugger}}
}

@inproceedings{NiranjanMysore:2009:PSF:1592568.1592575,
 author = {Niranjan Mysore, Radhika and Pamboris, Andreas and Farrington, Nathan and Huang, Nelson and Miri, Pardis and Radhakrishnan, Sivasankar and Subramanya, Vikram and Vahdat, Amin},
 title = {P{O}{R}{R}{T}{L}{A}{N}{D}: a scalable fault-tolerant layer 2 data center network fabric},
 series = {SIGCOMM '09},
 isbn = {978-1-60558-594-9},
 location = {Barcelona, Spain},
 url = {http://doi.acm.org/10.1145/1592568.1592575},
 doi = {10.1145/1592568.1592575},
 acmid = {1592575},
 keywords = {data center network fabric, layer 2 routing in data centers},
} 
 
@misc{scott_keynote,
    author = {Scott Shenker},
    title = {The Future of Networking, and the Past of Protocols},
    url = {http://opennetsummit.org/talks/shenker-tue.pdf}
}

@misc{urs_keynote,
    author = {Urs H\"{o}elzle},
    title = {Open{F}low at {G}oogle},
    howpublished = {http://www.youtube.com/watch?v=VLHJUfgxEO4}
}

@inproceedings{Fonseca:2007:XPN:1973430.1973450,
 author = {Fonseca, Rodrigo and Porter, George and Katz, Randy H. and Shenker, Scott and Stoica, Ion},
 title = {X-trace: a pervasive network tracing framework},
 series = {NSDI'07},
 url = {http://dl.acm.org/citation.cfm?id=1973430.1973450},
 acmid = {1973450},
} 

@INPROCEEDINGS{Chen02pinpoint:problem,
    author = {Mike Y. Chen and Emre Kiciman and Eugene Fratkin and Armando Fox and O Fox and Eric Brewer},
    title = {Pinpoint: Problem Determination in Large, Dynamic Internet Services},
    series = {Intl. Conf. on Dependable Systems and Networks},
    year = {2002},
}

@misc{DNRC,
    author = {{Google Inc.}},
    title = {Datacenter Networking Research Cluster},
}

@misc{traceroute, 
    author = {Van Jacobson},
    title = {Unix traceroute man page},
    year = {1987},
}

@misc{urs,
    author = {Urs H\"oelzle},
    title = {OpenFlow at Google},
    howpublished = {Keynote, Open Networking Summit 2012}
}

@misc{testing_market,
    author = {Krishna Kumar Natarajan},
    howpublished = {Keynote, fifth annual STeP-IN international conference}
}

@article{Lamport:1978:TCO:359545.359563,
 author = {Lamport, Leslie},
 title = {Time, clocks, and the ordering of events in a distributed system},
 journal = {Commun. ACM},
 issue_date = {July 1978},
 volume = {21},
 number = {7},
 month = jul,
 year = {1978},
 issn = {0001-0782},
 pages = {558--565},
 numpages = {8},
 url = {http://doi.acm.org/10.1145/359545.359563},
 doi = {10.1145/359545.359563},
 acmid = {359563},
 publisher = {ACM},
 address = {New York, NY, USA},
 keywords = {clock synchronization, computer networks, distributed systems, multiprocess systems},
} 

@INPROCEEDINGS{Mattern89virtualtime,
    author = {Friedemann Mattern},
    title = {Virtual Time and Global States of Distributed Systems},
    booktitle = {Parallel and Distributed Algorithms},
    year = {1989},
    pages = {215--226},
    publisher = {North-Holland}
}

@ARTICLE{577079, 
    author={Bouloutas, A.T. and Calo, S. and Finkel, A.}, 
    journal={Communications, IEEE Transactions on}, title={Alarm correlation
        and fault identification in communication networks}, 
    year={1994}, 
    month={feb/mar/apr}, 
    volume={42}, 
    number={234}, 
    pages={523 -533}, 
    keywords={alarm correlation;communication networks;complexity;degree of
        accuracy;fault identification;multiple faults;alarm systems;computer
            networks;telecommunication network management;}, 
    doi={10.1109/TCOMM.1994.577079}, 
    ISSN={0090-6778}
}
