@inproceedings{Anteater,
 author = {Mai, Haohui and others}, 
 title = {Debugging the data plane with anteater},
 booktitle = {SIGCOMM},
 year = {2011}
} 

@inproceedings{POX,
   author = {Mccauley, Murphy},
   title = {POX},
}

@INPROCEEDINGS{x-trace,
    author = {Rodrigo Fonseca and others},
    title = {X-trace: A pervasive network tracing framework},
    booktitle = {NSDI},
    year = {2007}
}
