@inproceedings{Anteater,
 author = {Mai, Haohui and others}, 
 title = {Debugging the data plane with anteater},
 booktitle = {SIGCOMM},
 year = {2011}
} 

@inproceedings{POX,
   author = {Mccauley, Murphy},
   title = {{POX}: A {NOX} Distribution in {Python}}
}

@INPROCEEDINGS{x-trace,
    author = {Rodrigo Fonseca and others},
    title = {X-trace: A pervasive network tracing framework},
    booktitle = {NSDI},
    year = {2007}
}

@inproceedings{HeaderSpace,
 author = {Peyman Kazemian and George Varghese and Nick McKeown},
 title = {Header Space Analysis: Static Checking For Networks},
 booktitle = {NSDI},
 year = {2012}
} 

@MISC{symbolicmodel,
    author = {Armin Biere and Alessandro Cimatti and Edmund Clarke and
            Yunshan Zhu},
    title = {Symbolic Model Checking without BDDs},
    year = {1999}
}

@ARTICLE{distributedsnapshots,
    author = {K. Mani Chandy},
    title = {Distributed Snapshots: Determining Global States of Distributed Systems},
    journal = {ACM Transactions on Computer Systems},
    year = {1985},
    volume = {3},
    pages = {63--75}
}

